<?xml version="1.0" encoding="UTF-8"?><collection xmlns="http://www.loc.gov/MARC21/slim"><record><leader>00400nam--2200133-i-4500</leader><controlfield tag="001">000045513</controlfield><controlfield tag="002">20161230</controlfield><controlfield tag="005">20161230201045</controlfield><controlfield tag="008">060222s1000------------r-----000-0-eng-d</controlfield><datafield ind1=" " ind2=" " tag="100"><subfield code="a">Tricker,R.A.R</subfield></datafield><datafield ind1=" " ind2=" " tag="245"><subfield code="a">Early electrodynamics. the first law of circulation</subfield></datafield><datafield ind1=" " ind2=" " tag="260"><subfield code="a">Oxford, Pergamon Press, 1965. Vii + 217 P</subfield></datafield><datafield ind1=" " ind2=" " tag="490"><subfield code="a">The Commowealth And Int.Library, Selected Readings In Ph</subfield></datafield><datafield ind1=" " ind2=" " tag="852"><subfield code="a">23214</subfield></datafield></record></collection>